<?xml version="1.0" encoding="UTF-8"?>
<record xmlns="http://www.loc.gov/MARC21/slim" xmlns:xsi="http://www.w3.org/2001/XMLSchema-instance" xsi:schemaLocation="http://www.loc.gov/MARC21/slim http://www.loc.gov/standards/marcxml/schema/MARC21slim.xsd">
<leader>00000cam a22      a 4500</leader>
<controlfield tag="001">002056188</controlfield>
<controlfield tag="003">NNU</controlfield>
<controlfield tag="005">20150410171052.0</controlfield>
<controlfield tag="008">870408m19829999ir       d    000 0darar</controlfield>
<datafield tag="010" ind1=" " ind2=" ">
<subfield code="a">   87130108</subfield>
</datafield>
<datafield tag="035" ind1=" " ind2=" ">
<subfield code="a">(OCoLC)20566136</subfield>
</datafield>
<datafield tag="040" ind1=" " ind2=" ">
<subfield code="a">DLC</subfield>
<subfield code="b">eng</subfield>
<subfield code="c">DLC</subfield>
<subfield code="d">CLU</subfield>
<subfield code="d">LEILA</subfield>
<subfield code="d">OCLCO</subfield>
<subfield code="d">OCLCA</subfield>
<subfield code="d">OCLCF</subfield>
<subfield code="d">OCLCQ</subfield>
<subfield code="d">OCLCO</subfield>
<subfield code="d">NNU</subfield>
</datafield>
<datafield tag="050" ind1="0" ind2="0">
<subfield code="a">BP136.48</subfield>
<subfield code="b">.A73 1982</subfield>
</datafield>
<datafield tag="100" ind1="1" ind2=" ">
<subfield code="6">880-01</subfield>
<subfield code="a">Ardabīlī al-Gharawī al-Ḥaʼirī, Muḥammad ibn ʻAlī,</subfield>
<subfield code="d">-1593.</subfield>
</datafield>
<datafield tag="245" ind1="1" ind2="0">
<subfield code="6">880-02</subfield>
<subfield code="a">Jāmiʻ al-ruwāh :</subfield>
<subfield code="b">wa-izāḥat al-ishtibāhāt ʻan al-ṭuruq wa-al-isnād /</subfield>
<subfield code="c">taṣnīf Muḥammad ibn ʻAlī al-Ardabīlī al-Gharawī al-Ḥaʼirī.</subfield>
</datafield>
<datafield tag="260" ind1=" " ind2=" ">
<subfield code="6">880-03</subfield>
<subfield code="a">Qum, Īrān :</subfield>
<subfield code="b">Maktabat Āyat Allāh al-ʻUẓmá al-Marʻashī al-Najafī,</subfield>
<subfield code="c">1403 [1982 or 1983]</subfield>
</datafield>
<datafield tag="300" ind1=" " ind2=" ">
<subfield code="a">2 volumes ;</subfield>
<subfield code="c">25 cm</subfield>
</datafield>
<datafield tag="336" ind1=" " ind2=" ">
<subfield code="a">text</subfield>
<subfield code="b">txt</subfield>
<subfield code="2">rdacontent</subfield>
</datafield>
<datafield tag="337" ind1=" " ind2=" ">
<subfield code="a">unmediated</subfield>
<subfield code="b">n</subfield>
<subfield code="2">rdamedia</subfield>
</datafield>
<datafield tag="338" ind1=" " ind2=" ">
<subfield code="a">volume</subfield>
<subfield code="b">nc</subfield>
<subfield code="2">rdacarrier</subfield>
</datafield>
<datafield tag="650" ind1=" " ind2="0">
<subfield code="a">Hadith (Shiites)</subfield>
<subfield code="x">Authorities</subfield>
<subfield code="x">Dictionaries</subfield>
<subfield code="x">Arabic</subfield>
<subfield code="v">Early works to 1800.</subfield>
</datafield>
<datafield tag="650" ind1=" " ind2="0">
<subfield code="a">Hadith</subfield>
<subfield code="x">Forgeries</subfield>
<subfield code="v">Early works to 1800.</subfield>
</datafield>
<datafield tag="650" ind1=" " ind2="7">
<subfield code="a">Hadith</subfield>
<subfield code="x">Forgeries.</subfield>
<subfield code="2">fast</subfield>
<subfield code="0">(OCoLC)fst00950126</subfield>
</datafield>
<datafield tag="650" ind1=" " ind2="7">
<subfield code="a">Hadith (Shiites)</subfield>
<subfield code="x">Authorities.</subfield>
<subfield code="2">fast</subfield>
<subfield code="0">(OCoLC)fst00950139</subfield>
</datafield>
<datafield tag="655" ind1=" " ind2="7">
<subfield code="a">Dictionaries.</subfield>
<subfield code="2">fast</subfield>
<subfield code="0">(OCoLC)fst01423826</subfield>
</datafield>
<datafield tag="655" ind1=" " ind2="7">
<subfield code="a">Early works.</subfield>
<subfield code="2">fast</subfield>
<subfield code="0">(OCoLC)fst01411636</subfield>
</datafield>
<datafield tag="880" ind1="1" ind2=" ">
<subfield code="6">100-01/</subfield>
<subfield code="a">محمد ابن على الاردبيلى الغروى الحائرى،</subfield>
<subfield code="d">-1593.</subfield>
</datafield>
<datafield tag="880" ind1="1" ind2="0">
<subfield code="6">245-02/</subfield>
<subfield code="a">جامع الرواة :</subfield>
<subfield code="b">وازاحة الاشتبهات عن الطرق والاسناد /</subfield>
<subfield code="c">تصنيف محمد ابن علىاردبيلى الغروى الحائرى.</subfield>
</datafield>
<datafield tag="880" ind1=" " ind2=" ">
<subfield code="6">260-03/</subfield>
<subfield code="a">قم، ايران :</subfield>
<subfield code="b">مكتبة اية الله العظمة المرعشى النجقى،</subfield>
<subfield code="c">1403 [1982 or 1983]</subfield>
</datafield>
<datafield tag="OWN" ind1=" " ind2=" ">
<subfield code="a">GENERAL</subfield>
</datafield>
<datafield tag="AVA" ind1=" " ind2=" ">
<subfield code="a">NYU50</subfield>
<subfield code="b">BOBST</subfield>
<subfield code="c">Main Collection</subfield>
<subfield code="d">BP136.48 .A73 1982</subfield>
<subfield code="e">unavailable</subfield>
<subfield code="t">Unavailable</subfield>
<subfield code="f">2</subfield>
<subfield code="g">2</subfield>
<subfield code="h">Y</subfield>
<subfield code="i">0</subfield>
<subfield code="j">MAIN</subfield>
<subfield code="k">0</subfield>
</datafield>
</record>
